@article{EMC_spin,
author = "J. Ashman and others",
title = "A measurement of the spin asymmetry and determination of the structure
                  function g1 in deep inelastic muon-proton scattering",
journal = "Physics Letters B",
volume = "206",
number = "2",
pages = "364 - 370",
year = "1988",
issn = "0370-2693",
doi = "https://doi.org/10.1016/0370-2693(88)91523-7",
url = "http://www.sciencedirect.com/science/article/pii/0370269388915237",
}

@article{compassSpec,
      author = {{P. Abbon, et al. COMPASS collaboration}},
      title = "{The COMPASS experiment at CERN}",
      collaboration = "COMPASS",
      journal = "Nucl. Instrum. Meth.",
      volume = "A577",
      year = "2007",
      pages = "455-518",
      doi = "10.1016/j.nima.2007.03.026",
      eprint = "hep-ex/0703049",
      archivePrefix = "arXiv",
      primaryClass = "hep-ex",
      reportNumber = "CERN-PH-EP-2007-001",
      SLACcitation = "%%CITATION = HEP-EX/0703049;%%"
}

@article{Spin_globalAnalysis,
      author = "de Florian, Daniel and Sassot, Rodolfo and Stratmann, Marco and
                  Vogelsang, Werner",
      title = "{Extraction of Spin-Dependent Parton Densities and Their
                  Uncertainties}",
      journal = "Phys. Rev.",
      volume = "D80",
      year = "2009",
      pages = "034030",
      doi = "10.1103/PhysRevD.80.034030",
      eprint = "0904.3821",
      archivePrefix = "arXiv",
      primaryClass = "hep-ph",
      SLACcitation = "%%CITATION = ARXIV:0904.3821;%%"
}

@article{collins_2002,
      author = "Collins, John C.",
      title = "{Leading twist single transverse-spin asymmetries: Drell-Yan and
                  deep inelastic scattering}",
      journal = "Phys. Lett.",
      volume = "B536",
      year = "2002",
      pages = "43-48",
      doi = "10.1016/S0370-2693(02)01819-1",
      eprint = "hep-ph/0204004",
      archivePrefix = "arXiv",
      primaryClass = "hep-ph",
      SLACcitation = "%%CITATION = HEP-PH/0204004;%%"
}

@article{DYxSection,
      author = "Arnold, S. and Metz, A. and Schlegel, M.",
      title = "{Dilepton production from polarized hadron hadron collisions}",
      journal = "Phys. Rev.",
      volume = "D79",
      year = "2009",
      pages = "034005",
      doi = "10.1103/PhysRevD.79.034005",
      eprint = "0809.2262",
      archivePrefix = "arXiv",
      primaryClass = "hep-ph",
      reportNumber = "JLAB-THY-08-877",
      SLACcitation = "%%CITATION = ARXIV:0809.2262;%%"
}

@article{Perdekamp,
      author = "Grosse Perdekamp, Matthias and Yuan, Feng",
      title = "{Transverse Spin Structure of the Nucleon}",
      journal = "Ann. Rev. Nucl. Part. Sci.",
      volume = "65",
      year = "2015",
      pages = "429-456",
      doi = "10.1146/annurev-nucl-102014-021948",
      eprint = "1510.06783",
      archivePrefix = "arXiv",
      primaryClass = "hep-ph",
      SLACcitation = "%%CITATION = ARXIV:1510.06783;%%"
}

@article{Sivers,
      author = "Sivers, Dennis W.",
      title = "{Single Spin Production Asymmetries from the Hard Scattering of
                  Point-Like Constituents}",
      journal = "Phys. Rev.",
      volume = "D41",
      year = "1990",
      pages = "83",
      doi = "10.1103/PhysRevD.41.83",
      reportNumber = "ANL-HEP-PR-89-32",
      SLACcitation = "%%CITATION = PHRVA,D41,83;%%"
}

@article{DY_process,
      author = "Kenyon, I. R.",
      title = "{The {Drell-Yan} Process}",
      journal = "Rept. Prog. Phys.",
      volume = "45",
      year = "1982",
      pages = "1261",
      doi = "10.1088/0034-4885/45/11/002",
      reportNumber = "CERN-EP/82-81",
      SLACcitation = "%%CITATION = RPPHA,45,1261;%%"
}

%      author = "Aghasyan, M. and others",
@article{compassDYpaper,
      author = {{M. Aghasyan, et al. (COMPASS collaboration)}},
      title = "{First measurement of transverse-spin-dependent azimuthal
                  asymmetries in the Drell-Yan process}",
      collaboration = "COMPASS",
      journal = "Phys. Rev. Lett.",
      volume = "119",
      year = "2017",
      number = "11",
      pages = "112002",
      doi = "10.1103/PhysRevLett.119.112002",
      eprint = "1704.00488",
      archivePrefix = "arXiv",
      primaryClass = "hep-ex",
      reportNumber = "CERN-EP-2017-059",
      SLACcitation = "%%CITATION = ARXIV:1704.00488;%%"
}

@inproceedings{matrix_inv,
      author = "Blobel, Volker and Kleinwort, Claus",
      title = "{A New method for the high precision alignment of track
                  detectors}",
      booktitle = "{Advanced Statistical Techniques in Particle Physics.
                  Proceedings, Conference, Durham, UK, March 18-22, 2002}",
      url =
                  "http://www.ippp.dur.ac.uk/Workshops/02/statistics/proceedings//blobel1.pdf",
      year = "2002",
      pages = "URL-STR(9)",
      eprint = "hep-ex/0208021",
      archivePrefix = "arXiv",
      primaryClass = "hep-ex",
      reportNumber = "DESY-02-077",
      SLACcitation = "%%CITATION = HEP-EX/0208021;%%"
}

@article{MCFM,
      author = "Boughezal, Radja and Campbell, John M. and Ellis, R.  Keith and
                  Focke, Christfried and Giele, Walter and Liu, Xiaohui and
                  Petriello, Frank and Williams, Ciaran",
      title = "{Color singlet production at NNLO in MCFM}",
      journal = "Eur. Phys. J.",
      volume = "C77",
      year = "2017",
      number = "1",
      pages = "7",
      doi = "10.1140/epjc/s10052-016-4558-y",
      eprint = "1605.08011",
      archivePrefix = "arXiv",
      primaryClass = "hep-ph",
      reportNumber = "FERMILAB-PUB-16-120-T, IPPP-16-32",
      SLACcitation = "%%CITATION = ARXIV:1605.08011;%%"
}

@article{CORAL,
      author = "Aleksakhin, V. {\relax Yu}. and Bedfer, Y. and Gerasimov, S. and
                  Korzenev, A. {\relax Yu}.",
      title = "{Geometrical event reconstruction in the COMPASS experiment}",
      journal = "Phys. Part. Nucl. Lett.",
      volume = "4",
      year = "2007",
      pages = "350-362",
      doi = "10.1134/S1547477107040103",
      note = "[Pisma Fiz. Elem. Chast. Atom. Yadra2007,no.4,588(2007)]",
      SLACcitation = "%%CITATION = 00438,4,350;%%"
}

@article{proposal,
      author = {{F. Gautheron, et al. (COMPASS collaboration)}},
      title = "{COMPASS-II Proposal}",
      collaboration = "COMPASS",
      year = "2010, SPSC-P-340, CERN-SPSC-2010-014",
      SLACcitation = "%%CITATION = SPSC-P-340;%%"
}

@article{CollinSoperFrame,
  title = {Angular distribution of dileptons in high-energy hadron collisions},
  author = {Collins, John C. and Soper, Davison E.},
  journal = {Phys. Rev. D},
  volume = {16},
  issue = {7},
  pages = {2219--2225},
  numpages = {0},
  year = {1977},
  month = {Oct},
  publisher = {American Physical Society},
  doi = {10.1103/PhysRevD.16.2219},
  url = {https://link.aps.org/doi/10.1103/PhysRevD.16.2219}
}

@article{DNPmethod,
  title = {Principles of dynamic nuclear polarisation},
  author = {Abragam, A. and Goldman, M.},
  journal = {Reports on Progress in Physics},
  volume = {41},
  issue = {3},
  pages = {395--467},
  year = {1978},
  doi = {10.1103/PhysRevD.16.2219},
}

@article{KalmanFilter,
      author = "Fruhwirth, R.",
      title = "{Application of Kalman filtering to track and vertex fitting}",
      journal = "Nucl. Instrum. Meth.",
      volume = "A262",
      year = "1987",
      pages = "444-450",
      doi = "10.1016/0168-9002(87)90887-4",
      reportNumber = "HEPHY-PUB-87-503",
      SLACcitation = "%%CITATION = NUIMA,A262,444;%%"
}

@article{pythia,
      author = "Sjöstrand, Torbjörn and Ask, Stefan and Christiansen, Jesper
                  R. and Corke, Richard and Desai, Nishita and Ilten, Philip and
                  Mrenna, Stephen and Prestel, Stefan and Rasmussen, Christine
                  O. and Skands, Peter Z.",
      title = "{An Introduction to PYTHIA 8.2}",
      journal = "Comput. Phys. Commun.",
      volume = "191",
      year = "2015",
      pages = "159-177",
      doi = "10.1016/j.cpc.2015.01.024",
      eprint = "1410.3012",
      archivePrefix = "arXiv",
      primaryClass = "hep-ph",
      reportNumber = "LU-TP-14-36, MCNET-14-22, CERN-PH-TH-2014-190,
                  FERMILAB-PUB-14-316-CD, DESY-14-178, SLAC-PUB-16122",
      SLACcitation = "%%CITATION = ARXIV:1410.3012;%%"
}

@misc{compassAlignmentNote,
      author = "H. Pereira and J. M. Le Goff",
      title = "{Compass Spectrometer Alignment}",
      journal = {COMPASS note 4 (2003)},
      year ="2003",
      howpublished="{COMPASS Internal Note}",
}

@misc{AKotzininaNote,
      author = "A. Kotzinian.",
      title = "{Description of polarized $\pi^-$ + N Drell-Yan processes}",
      journal = {COMPASS note 2},
      year = {2010},
      url = "http://wwwcompass.cern.ch/compass/notes_public/2010-2.pdf"
}

@misc{quintans_rec_march12,
title= "{LAS Reconstruction Efficiency - DC05/ST03}",
author = {C. Quintans},
year = {2014},
month = {March, 12},
note= {COMPASS DY},
howpublished={Drell-Yan Group Internal Communication},
}

@misc{quintans_rec_march28,
title= "{LAS Reconstruction Efficiency without DC05/ST03}",
author = {C. Quintans},
year = {2014},
month = {March, 28},
note= {COMPASS DY},
howpublished={Drell-Yan Group Internal Communication},
}

@misc{garfield,
author ={R. Veenhof},
title = "{Garfield - simulation of gaseous detectors}",
year = {1993},
url ={http://cmd.inp.nsk.su/old/cmd2/manuals/cernlib/garfield/help/garfield_full.html},
}

@unpublished{ran_bi,
title= "{Simulation of Properties of COMPASS Drift-Chamber Prototypes}",
author = {Ran Bi},
year = {October 23-26, 2013},
location ={Newport News, Virginia},
note= {APS Division of Nuclear Physics},
url ={http://research.npl.illinois.edu/COMPASS/Talks/Practice-DNP2013/dnp_ran.pdf},
}

@unpublished{choi,
title= "{DESY Test-Beam Measurement with COMPASS Drift Chamber Prototypes}",
author = {IhnJea Choi},
year = {October 23-26, 2013},
location ={Newport News, Virginia},
note= {APS Division of Nuclear Physics},
url ={http://research.npl.illinois.edu/COMPASS/Talks/Practice-DNP2013/DNP_Choi_2013_10_25.pdf},
}

@article{Barone:2001sp,
      author = "Barone, Vincenzo and Drago, Alessandro and Ratcliffe, Philip
                  G.",
      title = "{Transverse polarisation of quarks in hadrons}",
      journal = "Phys. Rept.",
      volume = "359",
      year = "2002",
      pages = "1-168",
      doi = "10.1016/S0370-1573(01)00051-5",
      eprint = "hep-ph/0104283",
      archivePrefix = "arXiv",
      primaryClass = "hep-ph",
      SLACcitation = "%%CITATION = HEP-PH/0104283;%%"
}

@article{Bloom:1969kc,
      author = "Bloom, Elliott D. and others",
      title = "{High-Energy Inelastic e p Scattering at 6-Degrees and
                  10-Degrees}",
      journal = "Phys. Rev. Lett.",
      volume = "23",
      year = "1969",
      pages = "930-934",
      doi = "10.1103/PhysRevLett.23.930",
      reportNumber = "SLAC-PUB-0642",
      SLACcitation = "%%CITATION = PRLTA,23,930;%%"
}

@article{Breidenbach:1969kd,
      author = "Breidenbach, Martin and Friedman, Jerome I. and Kendall, Henry
                  W. and Bloom, Elliott D. and Coward, D. H. and DeStaebler,
                  H. C. and Drees, J. and Mo, Luke W. and Taylor, Richard E.",
      title = "{Observed Behavior of Highly Inelastic electron-Proton
                  Scattering}",
      journal = "Phys. Rev. Lett.",
      volume = "23",
      year = "1969",
      pages = "935-939",
      doi = "10.1103/PhysRevLett.23.935",
      reportNumber = "SLAC-PUB-0650",
      SLACcitation = "%%CITATION = PRLTA,23,935;%%"
}

@article{Bjorken:1969ja,
      author = "Bjorken, J. D. and Paschos, Emmanuel A.",
      title = "{Inelastic Electron Proton and gamma Proton Scattering, and the
                  Structure of the Nucleon}",
      journal = "Phys. Rev.",
      volume = "185",
      year = "1969",
      pages = "1975-1982",
      doi = "10.1103/PhysRev.185.1975",
      reportNumber = "SLAC-PUB-0572",
      SLACcitation = "%%CITATION = PHRVA,185,1975;%%"
}

@article{Tanabashi:2018oca,
      author = "Tanabashi, M. and others",
      title = "{Review of Particle Physics}",
      collaboration = "Particle Data Group",
      journal = "Phys. Rev.",
      volume = "D98",
      year = "2018",
      number = "3",
      pages = "030001",
      doi = "10.1103/PhysRevD.98.030001",
      SLACcitation = "%%CITATION = PHRVA,D98,030001;%%"
}

@article{Mulders:1995dh,
      author = "Mulders, P. J. and Tangerman, R. D.",
      title = "{The Complete tree level result up to order 1/Q for polarized
                  deep inelastic leptoproduction}",
      journal = "Nucl. Phys.",
      volume = "B461",
      year = "1996",
      pages = "197-237",
      doi = "10.1016/S0550-3213(96)00648-7, 10.1016/0550-3213(95)00632-X",
      note = "[Erratum: Nucl. Phys.B484,538(1997)]",
      eprint = "hep-ph/9510301",
      archivePrefix = "arXiv",
      primaryClass = "hep-ph",
      reportNumber = "NIKHEF-95-053",
      SLACcitation = "%%CITATION = HEP-PH/9510301;%%"
}

@article{Bacchetta:2006tn,
      author = "Bacchetta, Alessandro and Diehl, Markus and Goeke, Klaus and
                  Metz, Andreas and Mulders, Piet J. and Schlegel, Marc",
      title = "{Semi-inclusive deep inelastic scattering at small transverse
                  momentum}",
      journal = "JHEP",
      volume = "02",
      year = "2007",
      pages = "093",
      doi = "10.1088/1126-6708/2007/02/093",
      eprint = "hep-ph/0611265",
      archivePrefix = "arXiv",
      primaryClass = "hep-ph",
      reportNumber = "DESY-06-204",
      SLACcitation = "%%CITATION = HEP-PH/0611265;%%"
}

@article{Rojo_2015,
	doi = {10.1088/0954-3899/42/10/103103},
	url = {https://doi.org/10.1088%2F0954-3899%2F42%2F10%2F103103},
	year = 2015,
	month = {sep},
	publisher = {{IOP} Publishing},
	volume = {42},
	number = {10},
	pages = {103103},
	author = {Juan Rojo et. al.},
	title = "{The {PDF}4LHC report on {PDFs} and {LHC} data: results from Run
                  I and preparation for Run {II}}",
	journal = {Journal of Physics G: Nuclear and Particle Physics},
	abstract = {The accurate determination of the parton distribution
                  functions (PDFs) of the proton is an essential ingredient of
                  the Large Hadron Collider (LHC) program. PDF uncertainties
                  impact a wide range of processes, from Higgs boson
                  characterization and precision Standard Model measurements to
                  new physics searches. A major recent development in modern PDF
                  analyses has been to exploit the wealth of new information
                  contained in precision measurements from the LHC Run I, as
                  well as progress in tools and methods to include these data in
                  PDF fits. In this report we summarize the information that
                  PDF-sensitive measurements at the LHC have provided so far,
                  and review the prospects for further constraining PDFs with
                  data from the recently started Run II. This document aims to
                  provide useful input to the LHC collaborations to prioritize
                  their PDF-sensitive measurements at Run II, as well as a
                  comprehensive reference for the PDF-fitting collaborations.}
}

@article{PhysRevLett.22.156,
  title = "{High-Energy Electroproduction and the Constitution of the Electric
                  Current}",
  author = {Callan, C. G. and Gross, David J.},
  journal = {Phys. Rev. Lett.},
  volume = {22},
  issue = {4},
  pages = {156--159},
  numpages = {0},
  year = {1969},
  month = {Jan},
  publisher = {American Physical Society},
  doi = {10.1103/PhysRevLett.22.156},
  url = {https://link.aps.org/doi/10.1103/PhysRevLett.22.156}
}

@article{Harland-Lang:2016yfn,
      author = "Harland-Lang, L. A. and Martin, A. D. and Motylinski, P.  and
                  Thorne, R. S.",
      title = "{The impact of the final HERA combined data on PDFs obtained from
                  a global fit}",
      journal = "Eur. Phys. J.",
      volume = "C76",
      year = "2016",
      number = "4",
      pages = "186",
      doi = "10.1140/epjc/s10052-016-4020-1",
      eprint = "1601.03413",
      archivePrefix = "arXiv",
      primaryClass = "hep-ph",
      reportNumber = "LCTS-2015-45, IPPP-15-81, DCPT-15-162",
      SLACcitation = "%%CITATION = ARXIV:1601.03413;%%"
}

@article{Abt:2016vjh,
      author = "Abt, I. and Cooper-Sarkar, A. M. and Foster, B. and Myronenko,
                  V. and Wichmann, K. and Wing, M.",
      title = "{Study of HERA ep data at low Q$^2$ and low $x_{Bj}$ and the need
                  for higher-twist corrections to standard perturbative QCD
                  fits}",
      journal = "Phys. Rev.",
      volume = "D94",
      year = "2016",
      number = "3",
      pages = "034032",
      doi = "10.1103/PhysRevD.94.034032",
      eprint = "1604.02299",
      archivePrefix = "arXiv",
      primaryClass = "hep-ph",
      reportNumber = "DESY-16-064",
      SLACcitation = "%%CITATION = ARXIV:1604.02299;%%"
}

@article{Nocera:2014gqa,
      author = "Nocera, Emanuele R. and Ball, Richard D. and Forte, Stefano and
                  Ridolfi, Giovanni and Rojo, Juan",
      title = "{A first unbiased global determination of polarized PDFs and
                  their uncertainties}",
      collaboration = "NNPDF",
      journal = "Nucl. Phys.",
      volume = "B887",
      year = "2014",
      pages = "276-308",
      doi = "10.1016/j.nuclphysb.2014.08.008",
      eprint = "1406.5539",
      archivePrefix = "arXiv",
      primaryClass = "hep-ph",
      reportNumber = "CERN-PH-TH-2014-106, IFUN-1028-FT, EDINBURGH-14-11,
                  OUTP-14-06P",
      SLACcitation = "%%CITATION = ARXIV:1406.5539;%%"
}

@article{Hirai:2008aj,
      author = "Hirai, M. and Kumano, S.",
      title = "{Determination of gluon polarization from deep inelastic
                  scattering and collider data}",
      collaboration = "Asymmetry Analysis",
      journal = "Nucl. Phys.",
      volume = "B813",
      year = "2009",
      pages = "106-122",
      doi = "10.1016/j.nuclphysb.2008.12.026",
      eprint = "0808.0413",
      archivePrefix = "arXiv",
      primaryClass = "hep-ph",
      reportNumber = "KEK-TH-1208",
      SLACcitation = "%%CITATION = ARXIV:0808.0413;%%"
}

@article{Adeva:1997is,
      author = {{B. Adeva, et al. (SMC collaboration)}},
      title = "{The Spin dependent structure function g(1) (x) of the proton
                  from polarized deep inelastic muon scattering}",
      collaboration = "Spin Muon (SMC)",
      journal = "Phys. Lett.",
      volume = "B412",
      year = "1997",
      pages = "414-424",
      doi = "10.1016/S0370-2693(97)01106-4",
      reportNumber = "CERN-PPE-97-118",
      SLACcitation = "%%CITATION = PHLTA,B412,414;%%"
}

@article{Savin:2011zz,
      author = {{A. I. Savin, et al. (COMPASS collaboration)}},
      title = "{COMPASS results on the nucleon spin structure}",
      booktitle = "{Hadron structure. Proceedings, 5th Joint International
                  Conference, Hadron Structure'11, HS'11, Tatranska Strba,
                  Slovakia, June 27-July 1, 2011}",
      collaboration = "COMPASS",
      journal = "Nucl. Phys. Proc. Suppl.",
      volume = "219-220",
      year = "2011",
      pages = "94-101",
      doi = "10.1016/j.nuclphysbps.2011.11.001",
      SLACcitation = "%%CITATION = NUPHZ,219-220,94;%%"
}

@article{PhysRevLett.92.012005,
  title = {Flavor Decomposition of the Sea-Quark Helicity Distributions in the
                  Nucleon from Semiinclusive Deep Inelastic Scattering},
  author = {{A. Airapetian, et al. (HERMES collaboration)}},
  collaboration = {HERMES Collaboration},
  journal = {Phys. Rev. Lett.},
  volume = {92},
  issue = {1},
  pages = {012005},
  numpages = {5},
  year = {2004},
  month = {Jan},
  publisher = {American Physical Society},
  doi = {10.1103/PhysRevLett.92.012005},
  url = {https://link.aps.org/doi/10.1103/PhysRevLett.92.012005}
}

@article{Brodsky:2002rv,
      author = "Brodsky, Stanley J. and Hwang, Dae Sung and Schmidt, Ivan",
      title = "{Initial state interactions and single spin asymmetries in
                  Drell-Yan processes}",
      journal = "Nucl. Phys.",
      volume = "B642",
      year = "2002",
      pages = "344-356",
      doi = "10.1016/S0550-3213(02)00617-X",
      eprint = "hep-ph/0206259",
      archivePrefix = "arXiv",
      primaryClass = "hep-ph",
      reportNumber = "SLAC-PUB-9271, USM-TH-126",
      SLACcitation = "%%CITATION = HEP-PH/0206259;%%"
}

@article{Brodsky:2002cx,
      author = "Brodsky, Stanley J. and Hwang, Dae Sung and Schmidt, Ivan",
      title = "{Final state interactions and single spin asymmetries in
                  semiinclusive deep inelastic scattering}",
      journal = "Phys. Lett.",
      volume = "B530",
      year = "2002",
      pages = "99-107",
      doi = "10.1016/S0370-2693(02)01320-5",
      eprint = "hep-ph/0201296",
      archivePrefix = "arXiv",
      primaryClass = "hep-ph",
      reportNumber = "SLAC-PUB-9135, USM-TH-121",
      SLACcitation = "%%CITATION = HEP-PH/0201296;%%"
}

@article{Alekseev:2008aa,
      author = {{M. Alekseev, et al. (COMPASS collaboration)}},
      title = "{Collins and Sivers asymmetries for pions and kaons in
                  muon-deuteron DIS}",
      collaboration = "COMPASS",
      journal = "Phys. Lett.",
      volume = "B673",
      year = "2009",
      pages = "127-135",
      doi = "10.1016/j.physletb.2009.01.060",
      eprint = "0802.2160",
      archivePrefix = "arXiv",
      primaryClass = "hep-ex",
      reportNumber = "IRFU-08-15, CERN-PH-EP-2008-002",
      SLACcitation = "%%CITATION = ARXIV:0802.2160;%%"
}

@article{Airapetian:2009ae,
      author = {{A. Airapetian, et al. (HERMES collaboration)}},
      title = "{Observation of the Naive-T-odd Sivers Effect in Deep-Inelastic
                  Scattering}",
      collaboration = "HERMES",
      journal = "Phys. Rev. Lett.",
      volume = "103",
      year = "2009",
      pages = "152002",
      doi = "10.1103/PhysRevLett.103.152002",
      eprint = "0906.3918",
      archivePrefix = "arXiv",
      primaryClass = "hep-ex",
      reportNumber = "DESY-09-089",
      SLACcitation = "%%CITATION = ARXIV:0906.3918;%%"
}

@article{Rutherford:1911zz,
      author = "Rutherford, E.",
      title = "{The scattering of alpha and beta particles by matter and the
                  structure of the atom}",
      journal = "Phil. Mag. Ser.6",
      volume = "21",
      year = "1911",
      pages = "669-688",
      doi = "10.1080/14786440508637080",
      SLACcitation = "%%CITATION = INSPIRE-45404;%%"
}

@article{GellMann:1964nj,
      author = "Gell-Mann, Murray",
      title = "{A Schematic Model of Baryons and Mesons}",
      journal = "Phys. Lett.",
      volume = "8",
      year = "1964",
      pages = "214-215",
      doi = "10.1016/S0031-9163(64)92001-3",
      SLACcitation = "%%CITATION = PHLTA,8,214;%%"
}

@misc{Zweig:1964jf,
      author = "Zweig, G.",
      title = "{An SU(3) model for strong interaction symmetry and its
                  breaking. Version 2}",
      editor = "Lichtenberg, D.B. and Rosen, Simon Peter",
      booktitle = "DEVELOPMENTS IN THE QUARK THEORY OF HADRONS. VOL. 1. 1964 -
                  1978",
      journal = "Developments in the Quark Theory of Hadrons, Volume 1.  Edited
                  by D. Lichtenberg and S. Rosen. pp. 22-101",
      pages = "22-101",
      year = "1964",
      reportNumber = "CERN-TH-412, NP-14146, PRINT-64-170",
      SLACcitation = "%%CITATION = CERN-TH-412;%%"
}

@article{PhysRevLett.23.1415,
  title = "{Very High-Energy Collisions of Hadrons}",
  author = {Feynman, Richard P.},
  journal = {Phys. Rev. Lett.},
  volume = {23},
  issue = {24},
  pages = {1415--1417},
  numpages = {0},
  year = {1969},
  month = {Dec},
  publisher = {American Physical Society},
  doi = {10.1103/PhysRevLett.23.1415},
  url = {https://link.aps.org/doi/10.1103/PhysRevLett.23.1415}
}

@article{PhysRevLett.36.929,
  title = "{Measurement of Asymmetries of Inclusive Pion Production in
                  Proton-Proton Interactions at 6 and 11.8 GeV/c}",
  author = {Klem, R. D. and Bowers, J. E. and Courant, H. W. and Kagan, H. and
                  Marshak, M. L. and Peterson, E. A. and Ruddick, K. and
                  Dragoset, W. H. and Roberts, J. B.},
  journal = {Phys. Rev. Lett.},
  volume = {36},
  issue = {16},
  pages = {929--931},
  numpages = {0},
  year = {1976},
  month = {Apr},
  publisher = {American Physical Society},
  doi = {10.1103/PhysRevLett.36.929},
  url = {https://link.aps.org/doi/10.1103/PhysRevLett.36.929}
}

@article{Kotzinian:1995cz,
      author = "Kotzinian, A. M. and Mulders, P. J.",
      title = "{Longitudinal quark polarization in transversely polarized
                  nucleons}",
      journal = "Phys. Rev.",
      volume = "D54",
      year = "1996",
      pages = "1229-1232",
      doi = "10.1103/PhysRevD.54.1229",
      eprint = "hep-ph/9511420",
      archivePrefix = "arXiv",
      primaryClass = "hep-ph",
      reportNumber = "NIKHEF-95-059, YERPHI-1455-25-95, YERPHI-1455(25)-95",
      SLACcitation = "%%CITATION = HEP-PH/9511420;%%"
}

@article{Kotzinian:1997wt,
      author = "Kotzinian, A. M. and Mulders, P. J.",
      title = "{Probing transverse quark polarization via azimuthal asymmetries
                  in leptoproduction}",
      journal = "Phys. Lett.",
      volume = "B406",
      year = "1997",
      pages = "373-380",
      doi = "10.1016/S0370-2693(97)00708-9",
      eprint = "hep-ph/9701330",
      archivePrefix = "arXiv",
      primaryClass = "hep-ph",
      reportNumber = "NIKHEF-97-002, VUTH-97-1",
      SLACcitation = "%%CITATION = HEP-PH/9701330;%%"
}

@article{Boer:1997nt,
      author = "Boer, Daniel and Mulders, P. J.",
      title = "{Time reversal odd distribution functions in leptoproduction}",
      journal = "Phys. Rev.",
      volume = "D57",
      year = "1998",
      pages = "5780-5786",
      doi = "10.1103/PhysRevD.57.5780",
      eprint = "hep-ph/9711485",
      archivePrefix = "arXiv",
      primaryClass = "hep-ph",
      reportNumber = "NIKHEF-97-049, VUTH-97-20",
      SLACcitation = "%%CITATION = HEP-PH/9711485;%%"
}

@article{Efremov:2004tp,
      author = "Efremov, A. V. and Goeke, K. and Menzel, S. and Metz, A.  and
                  Schweitzer, P.",
      title = "{Sivers effect in semi-inclusive DIS and in the Drell-Yan
                  process}",
      journal = "Phys. Lett.",
      volume = "B612",
      year = "2005",
      pages = "233-244",
      doi = "10.1016/j.physletb.2005.03.010",
      eprint = "hep-ph/0412353",
      archivePrefix = "arXiv",
      primaryClass = "hep-ph",
      reportNumber = "RUB-TPII-15-04",
      SLACcitation = "%%CITATION = HEP-PH/0412353;%%"
}

@article{Sissakian:2005vd,
      author = "Sissakian, A. N. and Shevchenko, O. {\relax Yu}. and Nagaytsev,
                  A. P. and Ivanov, O. N.",
      title = "{Direct extraction of transversity and its accompanying T-odd
                  distribution from the unpolarized and single-polarized
                  Drell-Yan process}",
      journal = "Phys. Rev.",
      volume = "D72",
      year = "2005",
      pages = "054027",
      doi = "10.1103/PhysRevD.72.054027",
      eprint = "hep-ph/0505214",
      archivePrefix = "arXiv",
      primaryClass = "hep-ph",
      SLACcitation = "%%CITATION = HEP-PH/0505214;%%"
}

@article{Sissakian:2005yp,
      author = "Sissakian, A. and Shevchenko, O. and Nagaytsev, A. and Denisov,
                  O. and Ivanov, O.",
      title = "{Transversity and its accompanying T-odd distribution from
                  Drell-Yan processes with pion-proton collisions}",
      journal = "Eur. Phys. J.",
      volume = "C46",
      year = "2006",
      pages = "147-150",
      doi = "10.1140/epjc/s2006-02490-1",
      eprint = "hep-ph/0512095",
      archivePrefix = "arXiv",
      primaryClass = "hep-ph",
      SLACcitation = "%%CITATION = HEP-PH/0512095;%%"
}

@article{Wang:2017onm,
      author = "Wang, Zhengxian and Wang, Xiaoyu and Lu, Zhun",
      title = "{Boer-Mulders function of pion meson and $q_T$-weighted
                  $\cos2\phi$ asymmetry in the unpolarized $\pi^- p$ Drell-Yan
                  at COMPASS}",
      journal = "Phys. Rev.",
      volume = "D95",
      year = "2017",
      number = "9",
      pages = "094004",
      doi = "10.1103/PhysRevD.95.094004",
      eprint = "1702.03637",
      archivePrefix = "arXiv",
      primaryClass = "hep-ph",
      SLACcitation = "%%CITATION = ARXIV:1702.03637;%%"
}

@article{PhysRevD.86.014028,
  title = "{Strategy towards the extraction of the Sivers function with
                  transverse momentum dependent evolution}",
  author = {Anselmino, M. and Boglione, M. and Melis, S.},
  journal = {Phys. Rev. D},
  volume = {86},
  issue = {1},
  pages = {014028},
  numpages = {13},
  year = {2012},
  month = {Jul},
  publisher = {American Physical Society},
  doi = {10.1103/PhysRevD.86.014028},
  url = {https://link.aps.org/doi/10.1103/PhysRevD.86.014028}
}

@article{Adolph:2014pwc,
      author = {{C. Adolph, et al. (COMPASS collaboration)}},
      title = "{Measurement of azimuthal hadron asymmetries in semi-inclusive
                  deep inelastic scattering off unpolarised nucleons}",
      collaboration = "COMPASS",
      journal = "Nucl. Phys.",
      volume = "B886",
      year = "2014",
      pages = "1046-1077",
      doi = "10.1016/j.nuclphysb.2014.07.019",
      eprint = "1401.6284",
      archivePrefix = "arXiv",
      primaryClass = "hep-ex",
      reportNumber = "CERN-PH-EP-2014-009",
      SLACcitation = "%%CITATION = ARXIV:1401.6284;%%"
}

@article{PhysRevD.87.094019,
  title = "{Simultaneous extraction of transversity and Collins functions from
                  new semi-inclusive deep inelastic scattering and
                  ${e}^{\mathbf{+}}{e}^{\mathbf{\ensuremath{-}}}$ data}",
  author = {Anselmino, M. and Boglione, M. and D'Alesio, U. and Melis, S. and
                  Murgia, F. and Prokudin, A.},
  journal = {Phys. Rev. D},
  volume = {87},
  issue = {9},
  pages = {094019},
  numpages = {13},
  year = {2013},
  month = {May},
  publisher = {American Physical Society},
  doi = {10.1103/PhysRevD.87.094019},
  url = {https://link.aps.org/doi/10.1103/PhysRevD.87.094019}
}

@article{PhysRevLett.116.132301,
  title = "{Measurement of the Transverse Single-Spin Asymmetry in
                  ${p}^{\ensuremath{\uparrow}}+p\ensuremath{\rightarrow}{W}^{\ifmmode\pm\else\textpm\fi{}}/{Z}^{0}$
                  at RHIC}",
  author = {{L. Adamczyk, et. al. (STAR collaboration)}},
  collaboration = {STAR Collaboration},
  journal = {Phys. Rev. Lett.},
  volume = {116},
  issue = {13},
  pages = {132301},
  numpages = {7},
  year = {2016},
  month = {Apr},
  publisher = {American Physical Society},
  doi = {10.1103/PhysRevLett.116.132301},
  url = {https://link.aps.org/doi/10.1103/PhysRevLett.116.132301}
}


@article{PhysRevD.89.074013,
  title = "{QCD evolution of the Sivers asymmetry}",
  author = {Echevarria, Miguel G. and Idilbi, Ahmad and Kang, Zhong-Bo and
                  Vitev, Ivan},
  journal = {Phys. Rev. D},
  volume = {89},
  issue = {7},
  pages = {074013},
  numpages = {15},
  year = {2014},
  month = {Apr},
  publisher = {American Physical Society},
  doi = {10.1103/PhysRevD.89.074013},
  url = {https://link.aps.org/doi/10.1103/PhysRevD.89.074013}
}


@article{PhysRevLett.103.172001,
  title = "{Testing the Time-Reversal Modified Universality of the Sivers
                  Function}",
  author = {Kang, Zhong-Bo and Qiu, Jian-Wei},
  journal = {Phys. Rev. Lett.},
  volume = {103},
  issue = {17},
  pages = {172001},
  numpages = {4},
  year = {2009},
  month = {Oct},
  publisher = {American Physical Society},
  doi = {10.1103/PhysRevLett.103.172001},
  url = {https://link.aps.org/doi/10.1103/PhysRevLett.103.172001}
}

@article{Ageev:2006da,
      author = {{S. E. Ageev, et al. (COMPASS collaboration)}},
      title = "{A New measurement of the Collins and Sivers asymmetries on a
                  transversely polarised deuteron target}",
      collaboration = "COMPASS",
      journal = "Nucl. Phys.",
      volume = "B765",
      year = "2007",
      pages = "31-70",
      doi = "10.1016/j.nuclphysb.2006.10.027",
      eprint = "hep-ex/0610068",
      archivePrefix = "arXiv",
      primaryClass = "hep-ex",
      reportNumber = "DAPNIA-06-341, CERN-PH-EP-2006-031, CERN-PH-EP_2006-031",
      SLACcitation = "%%CITATION = HEP-EX/0610068;%%"
}

@article{Alekseev:2010rw,
      author = {{G. M. Alekseev, et al (COMPASS collaboration)}},
      title = "{Measurement of the Collins and Sivers asymmetries on
                  transversely polarised protons}",
      collaboration = "COMPASS",
      journal = "Phys. Lett.",
      volume = "B692",
      year = "2010",
      pages = "240-246",
      doi = "10.1016/j.physletb.2010.08.001",
      eprint = "1005.5609",
      archivePrefix = "arXiv",
      primaryClass = "hep-ex",
      reportNumber = "CERN-PH-EP-2010-013",
      SLACcitation = "%%CITATION = ARXIV:1005.5609;%%"
}

@article{Adolph:2012sn,
      author = {{C. Adolph, et al (COMPASS collaboration)}},
      title = "{Experimental investigation of transverse spin asymmetries in
                  muon-p SIDIS processes: Collins asymmetries}",
      collaboration = "COMPASS",
      journal = "Phys. Lett.",
      volume = "B717",
      year = "2012",
      pages = "376-382",
      doi = "10.1016/j.physletb.2012.09.055",
      eprint = "1205.5121",
      archivePrefix = "arXiv",
      primaryClass = "hep-ex",
      reportNumber = "CERN-PH-EP-2012-146",
      SLACcitation = "%%CITATION = ARXIV:1205.5121;%%"
}

@article{Adolph:2014zba,
      author = {{C. Adolph, et al. (COMPASS collaboration)}},
      title = "{Collins and Sivers asymmetries in muonproduction of pions and
                  kaons off transversely polarised protons}",
      collaboration = "COMPASS",
      journal = "Phys. Lett.",
      volume = "B744",
      year = "2015",
      pages = "250-259",
      doi = "10.1016/j.physletb.2015.03.056",
      eprint = "1408.4405",
      archivePrefix = "arXiv",
      primaryClass = "hep-ex",
      reportNumber = "CERN-PH-EP-2014-213",
      SLACcitation = "%%CITATION = ARXIV:1408.4405;%%"
}

@article{Airapetian:2004tw,
      author = {{A. Airapetian, et al. (HERMES collaboration)}},
      title = "{Single-spin asymmetries in semi-inclusive deep-inelastic
                  scattering on a transversely polarized hydrogen target}",
      collaboration = "HERMES",
      journal = "Phys. Rev. Lett.",
      volume = "94",
      year = "2005",
      pages = "012002",
      doi = "10.1103/PhysRevLett.94.012002",
      eprint = "hep-ex/0408013",
      archivePrefix = "arXiv",
      primaryClass = "hep-ex",
      reportNumber = "DESY-04-141",
      SLACcitation = "%%CITATION = HEP-EX/0408013;%%"
}

@article{Airapetian:2010ds,
      author = {{A. Airapetian, et al. (HERMES collaboration)}},
      title = "{Effects of transversity in deep-inelastic scattering by
                  polarized protons}",
      collaboration = "HERMES",
      journal = "Phys. Lett.",
      volume = "B693",
      year = "2010",
      pages = "11-16",
      doi = "10.1016/j.physletb.2010.08.012",
      eprint = "1006.4221",
      archivePrefix = "arXiv",
      primaryClass = "hep-ex",
      reportNumber = "DESY-10-087",
      SLACcitation = "%%CITATION = ARXIV:1006.4221;%%"
}

@article{PhysRevLett.107.072003,
  title = "{Single Spin Asymmetries in Charged Pion Production from
                  Semi-Inclusive Deep Inelastic Scattering on a Transversely
                  Polarized $^{3}\mathrm{He}$ Target at ${Q}^{2}=1.4--2.7\text{
                  }\text{ }{\mathrm{GeV}}^{2}$}",
  author = {{X. Qian, et. al. (Jeffereson Lab Hall A)}},
  collaboration = {Jefferson Lab Hall A Collaboration},
  journal = {Phys. Rev. Lett.},
  volume = {107},
  issue = {7},
  pages = {072003},
  numpages = {6},
  year = {2011},
  month = {Aug},
  publisher = {American Physical Society},
  doi = {10.1103/PhysRevLett.107.072003},
  url = {https://link.aps.org/doi/10.1103/PhysRevLett.107.072003}
}

@article{Abe:2005zx,
      author = {{K. Abe, et al. (Belle)}},
      title = "{Measurement of azimuthal asymmetries in inclusive production of
                  hadron pairs in e+ e- annihilation at Belle}",
      booktitle = "{Proceedings, 2005 Europhysics Conference on High Energy
                  Physics (EPS-HEP 2005): Lisbon, Portugal, July 21-27, 2005}",
      collaboration = "Belle",
      journal = "Phys. Rev. Lett.",
      volume = "96",
      year = "2006",
      pages = "232002",
      doi = "10.1103/PhysRevLett.96.232002",
      eprint = "hep-ex/0507063",
      archivePrefix = "arXiv",
      primaryClass = "hep-ex",
      reportNumber = "LP2005-148, EPS-05-485, BELLE-CONF-0513",
      SLACcitation = "%%CITATION = HEP-EX/0507063;%%"
}

@article{Seidl:2008xc,
      author = {{R. Seidl, et al. (Belle)}},
      title = "{Measurement of Azimuthal Asymmetries in Inclusive Production of
                  Hadron Pairs in e+e- Annihilation at s**(1/2) = 10.58-GeV}",
      collaboration = "Belle",
      journal = "Phys. Rev.",
      volume = "D78",
      year = "2008",
      pages = "032011",
      doi = "10.1103/PhysRevD.78.032011, 10.1103/PhysRevD.86.039905",
      note = "[Erratum: Phys. Rev.D86,039905(2012)]",
      eprint = "0805.2975",
      archivePrefix = "arXiv",
      primaryClass = "hep-ex",
      reportNumber = "BELLE-2008-14, KEK-2008-8",
      SLACcitation = "%%CITATION = ARXIV:0805.2975;%%"
}

@article{TheBABAR:2013yha,
      author = {{J. P. Lees, et al. (BaBar)}},
      title = "{Measurement of Collins asymmetries in inclusive production of
                  charged pion pairs in e^+e^- annihilation at BABAR}",
      collaboration = "BaBar",
      journal = "Phys. Rev.",
      volume = "D90",
      year = "2014",
      number = "5",
      pages = "052003",
      doi = "10.1103/PhysRevD.90.052003",
      eprint = "1309.5278",
      archivePrefix = "arXiv",
      primaryClass = "hep-ex",
      reportNumber = "BABAR-PUB-13-012, SLAC-PUB-15700",
      SLACcitation = "%%CITATION = ARXIV:1309.5278;%%"
}

@article{VOGT1999197,
title = "{J/$\Psi$ production and suppression}",
journal = "Physics Reports",
volume = "310",
number = "4",
pages = "197 - 260",
year = "1999",
issn = "0370-1573",
doi = "https://doi.org/10.1016/S0370-1573(98)00074-X",
url = "http://www.sciencedirect.com/science/article/pii/S037015739800074X",
author = "R. Vogt",
}

@article{Anselmino:2004ki,
      author         = "Anselmino, M. and Barone, V. and Drago, A. and Nikolaev,
                        N. N.",
      title          = "{Accessing transversity via J / psi production in
                        polarized p vector anti-p vector interactions}",
      journal        = "Phys. Lett.",
      volume         = "B594",
      year           = "2004",
      pages          = "97-104",
      doi            = "10.1016/j.physletb.2004.05.029",
      eprint         = "hep-ph/0403114",
      archivePrefix  = "arXiv",
      primaryClass   = "hep-ph",
      SLACcitation   = "%%CITATION = HEP-PH/0403114;%%"
}

@Article{Barone2007,
author="Barone, V.
and Lu, Zhun
and Ma, Bo-Qiang",
title="{The cos2$\phi$ asymmetry of Drell--Yan and J/$\psi$ production in
                  unpolarized pp̄  scattering}",
journal="The European Physical Journal C",
year="2007",
month="Mar",
day="01",
volume="49",
number="4",
pages="967--971",
issn="1434-6052",
doi="10.1140/epjc/s10052-006-0174-6",
url="https://doi.org/10.1140/epjc/s10052-006-0174-6"
}

@article{Sissakian:2008th,
      author         = "Sissakian, A. and Shevchenko, O. and Nagaytsev, A. and
                        Ivanov, O.",
      title          = "{Transversity and T-odd PDFs from Drell-Yan processes
                        with p p, p D and D D collisions}",
      journal        = "Eur. Phys. J.",
      volume         = "C59",
      year           = "2009",
      pages          = "659-673",
      doi            = "10.1140/epjc/s10052-008-0806-0",
      eprint         = "0807.2480",
      archivePrefix  = "arXiv",
      primaryClass   = "hep-ph",
      SLACcitation   = "%%CITATION = ARXIV:0807.2480;%%"
}

@article{PhysRevD.65.092008,
  title = "{Measurement of analyzing powers of ${\ensuremath{\pi}}^{+}$ and
                  ${\ensuremath{\pi}}^{\ensuremath{-}}$ produced on a hydrogen
                  and a carbon target with a $22\ensuremath{-}\mathrm{GeV}/c$
                  incident polarized proton beam}",
  author = {Allgower et. al.},
  collaboration = {E925 Collaboration},
  journal = {Phys. Rev. D},
  volume = {65},
  issue = {9},
  pages = {092008},
  numpages = {24},
  year = {2002},
  month = {May},
  publisher = {American Physical Society},
  doi = {10.1103/PhysRevD.65.092008},
  url = {https://link.aps.org/doi/10.1103/PhysRevD.65.092008}
}


@article{PhysRevLett.101.042001,
  title = "{Single-Transverse-Spin Asymmetries of Identified Charged Hadrons in
                  Polarized $pp$ Collisions at $\sqrt{s}=62.4\text{ }\text{
                  }\mathrm{GeV}$}",
  author = {{Arsene et. al. (BRAHMS collaboration)}},
  collaboration = {BRAHMS Collaboration},
  journal = {Phys. Rev. Lett.},
  volume = {101},
  issue = {4},
  pages = {042001},
  numpages = {4},
  year = {2008},
  month = {Jul},
  publisher = {American Physical Society},
  doi = {10.1103/PhysRevLett.101.042001},
  url = {https://link.aps.org/doi/10.1103/PhysRevLett.101.042001}
}

@article{ADAMS1991201,
title = "Comparison of spin asymmetries and cross sections in π0 production by
                  200 GeV polarized antiprotons and protons",
journal = "Physics Letters B",
volume = "261",
number = "1",
pages = "201 - 206",
year = "1991",
issn = "0370-2693",
doi = "https://doi.org/10.1016/0370-2693(91)91351-U",
url = "http://www.sciencedirect.com/science/article/pii/037026939191351U",
author = "D.L. Adams et. al.",
}

@article{ADAMS1991462,
title = "Analyzing power in inclusive π+ and π− production at high xF with a 200
                  GeV polarized proton beam",
journal = "Physics Letters B",
volume = "264",
number = "3",
pages = "462 - 466",
year = "1991",
issn = "0370-2693",
doi = "https://doi.org/10.1016/0370-2693(91)90378-4",
url = "http://www.sciencedirect.com/science/article/pii/0370269391903784",
author = "D.L. Adams et. al.",
}

@article{Anselmino:2016fhz,
      author         = "Anselmino, M. and Barone, V. and Boglione, M.",
      title          = "{The Sivers asymmetry in Drell–Yan production at the
                        $J/\Psi$ peak at COMPASS}",
      journal        = "Phys. Lett.",
      volume         = "B770",
      year           = "2017",
      pages          = "302-306",
      doi            = "10.1016/j.physletb.2017.04.074",
      eprint         = "1607.00275",
      archivePrefix  = "arXiv",
      primaryClass   = "hep-ph",
      SLACcitation   = "%%CITATION = ARXIV:1607.00275;%%"
}

@phdthesis{janthesis,
  author       = {Jan Matousek}, 
  title        = "{Nucleon spin structure studies in Drell-Yan process at
                  COMPASS}",
  school       = {University of Trieste},
  year         = 2018,
  month        = {April},
}

@article{Anselmino:2016uie,
      author         = "Anselmino, M. and Boglione, M. and D'Alesio, U. and
                        Murgia, F. and Prokudin, A.",
      title          = "{Study of the sign change of the Sivers function from
                        STAR Collaboration W/Z production data}",
      journal        = "JHEP",
      volume         = "04",
      year           = "2017",
      pages          = "046",
      doi            = "10.1007/JHEP04(2017)046",
      eprint         = "1612.06413",
      archivePrefix  = "arXiv",
      primaryClass   = "hep-ph",
      reportNumber   = "JLAB-THY-16-2404",
      SLACcitation   = "%%CITATION = ARXIV:1612.06413;%%"
}

@article{Echevarria:2014xaa,
      title          = "{QCD Evolution of the Sivers Asymmetry}",
      author         = "Echevarria, Miguel G. and Idilbi, Ahmad and Kang,
                        Zhong-Bo and Vitev, Ivan",
      journal        = "Phys. Rev.",
      volume         = "D89",
      year           = "2014",
      pages          = "074013",
      doi            = "10.1103/PhysRevD.89.074013",
      eprint         = "1401.5078",
      archivePrefix  = "arXiv",
      primaryClass   = "hep-ph",
      reportNumber   = "NIKHEF-2014-004",
      SLACcitation   = "%%CITATION = ARXIV:1401.5078;%%"
}

@article{Sun:2013hua,
      author         = "Sun, Peng and Yuan, Feng",
      title          = "{Transverse momentum dependent evolution: Matching
                        semi-inclusive deep inelastic scattering processes to
                        Drell-Yan and W/Z boson production}",
      journal        = "Phys. Rev.",
      volume         = "D88",
      year           = "2013",
      number         = "11",
      pages          = "114012",
      doi            = "10.1103/PhysRevD.88.114012",
      eprint         = "1308.5003",
      archivePrefix  = "arXiv",
      primaryClass   = "hep-ph",
      SLACcitation   = "%%CITATION = ARXIV:1308.5003;%%"
}

@phdthesis{TGEANTthesis,
  author       = {T. Szameitat}, 
  title        = "{New Geant4-based Monte Carlo Software for the COMPASS-II
                  Experiment at CERN}",
  school       = {Albert-Ludwigs-Universitaet Freiburg},
  year         = 2017,
}

@article{AGOSTINELLI2003250,
title = "{Geant4—a simulation toolkit}",
journal = "Nuclear Instruments and Methods in Physics Research Section A:
                  Accelerators, Spectrometers, Detectors and Associated
                  Equipment",
volume = "506",
number = "3",
pages = "250 - 303",
year = "2003",
issn = "0168-9002",
doi = "https://doi.org/10.1016/S0168-9002(03)01368-8",
url = "http://www.sciencedirect.com/science/article/pii/S0168900203013688",
author = "S. Agostinelli and others",
}

@misc{cernaccel,
  author ={CERN},
  title = "{{TE-EPC-LPC in LHC}}",
  year = 2019,
  url = {http://te-epc-lpc.web.cern.ch/te-epc-lpc/machines/lhc/general.stm},
  urldate = {Accessed: 2019-04-08},
}

@misc{compasswebpage,
  author ={COMPASS collaboration},
  title = "{{COMPASS, Common Muon Proton Apparatus for Structure and
                  Spectroscopy}}",
  year = 2019,
  url = {https://wwwcompass.cern.ch/},
  urldate = {Accessed: 2019-04-08},
}

@article{ABBON201569,
title = "{The COMPASS setup for physics with hadron beams}",
journal = "Nuclear Instruments and Methods in Physics Research Section A:
                  Accelerators, Spectrometers, Detectors and Associated
                  Equipment",
volume = "779",
pages = "69 - 115",
year = "2015",
issn = "0168-9002",
doi = "https://doi.org/10.1016/j.nima.2015.01.035",
url = "http://www.sciencedirect.com/science/article/pii/S0168900215000662",
author = {{P. Abbon, et al (COMPASS collaboration)}},
}

@misc{COMPbeamProp,
title= "{Analysis of 2014 runs with BMS in}",
author = {A. Ivanov, B. Parsamyan and R. Longo},
year = {2016},
month = {January, 16},
url ="https://twiki.cern.ch/twiki/pub/Compass/Drell_Yan/Subgroupmeeting/Longo_Beam2014.pdf",
}

@inproceedings{Matousek:2017rvj,
      author         = "Matousek, J. and others",
      title          = "{Polarised target for Drell-Yan experiment in COMPASS at
                        CERN, part I}",
      booktitle      = "{22nd International Symposium on Spin Physics (SPIN 2016)
                        Urbana, IL, USA, September 25-30, 2016}",
      year           = "2017",
      eprint         = "1709.06833",
      archivePrefix  = "arXiv",
      primaryClass   = "physics.ins-det",
      SLACcitation   = "%%CITATION = ARXIV:1709.06833;%%"
}

@article{Koivuniemi:2015uyw,
      author         = "Koivuniemi, Jaakko Henrik and others",
      title          = "{Large COMPASS polarized solid state target for Drell-Yan
                        physics}",
      booktitle      = "{Proceedings, 16th International Workshop on Polarized
                        Sources, Targets, and Polarimetry (PSTP 2015): Bochum,
                        Germany, September 14-18, 2015}",
      journal        = "PoS",
      volume         = "PSTP2015",
      year           = "2015",
      pages          = "015",
      doi            = "10.22323/1.243.0015",
      SLACcitation   = "%%CITATION = POSCI,PSTP2015,015;%%"
}

@misc{GenkiPolTarget,
title= "{Polarised Target for Drell-Yan Experiment in COMPASS at CERN II}",
author = {G. Nukazuka},
year = {2016},
note= {The 22nd International Spin Symposium},
URL= {http://wwwcompass.cern.ch/compass/publications/talks/t2016/nukazuka_spin2016.pdf},
}

@misc{polTargCells,
title= "{Summary of the target polarization results 2015}",
author = {{K. Kondo, et al.}},
year = {2016},
month = {September, 20},
url ="https://twiki.cern.ch/twiki/pub/Compass/Drell_Yan/WeeklyDYmeeting/Summary_of_Target_polarization_results_2015v2.pdf"
}

@article{BERNET2005217,
title = "{The COMPASS trigger system for muon scattering}",
journal = "Nuclear Instruments and Methods in Physics Research Section A: Accelerators, Spectrometers, Detectors and Associated Equipment",
volume = "550",
number = "1",
pages = "217 - 240",
year = "2005",
issn = "0168-9002",
doi = "https://doi.org/10.1016/j.nima.2005.05.043",
url = "http://www.sciencedirect.com/science/article/pii/S0168900205012568",
author = "C. Bernet and A. Bravar and J. Hannappel and D.v. Harrach and R. Hermann and E. Kabuß and F. Klein and A. Korzenev and M. Leberig and M. Ostrick and J. Pretz and R. Windmolders and J. Zhao",
}

@misc{trigDefs,
      author = "{J. Barth, J. Bernhard, E. M. Kabuss, N. du Fresne and B. Vet}",
      title = "{TRIGGER CONFIGURATION SUMMARY 2002-2012}",
      journal = {COMPASS note 4 (2016)},
      year ="2016",
      howpublished="{COMPASS Internal Note}",
}

@phdthesis{longothesis,
  author       = {Riccardo Longo}, 
  title        = "{Measurement of spin effects in the Drell-Yan process at the
                  COMPASS experiment}",
  school       = {University of Torino},
  year         = 2018,
}

@unpublished{heitzDC05Spin,
title= "{A Large-Area Planar Drift Chamber for the COMPASS Experiment at CERN}",
author = {R. Heitz},
year = {September 25-30, 2016},
location ={Urbana, IL},
note= {The 22nd International Spin Symposium},
URL= {http://wwwconmpass.cern.ch/compass/publications/talks/t2016/heitz_spin2016_DC.pdf},
}

@inproceedings{Matousek:2018qqd,
      author         = "Matoušek, J.",
      title          = "{Weighted transverse spin asymmetries in 2015 COMPASS
                        Drell-Yan data}",
      booktitle      = "{23rd International Symposium on Spin Physics (SPIN 2018)
                        Ferrara, Italy, September 10-14, 2018}",
      collaboration  = "COMPASS",
      year           = "2018",
      eprint         = "1812.08505",
      archivePrefix  = "arXiv",
      primaryClass   = "hep-ex",
      SLACcitation   = "%%CITATION = ARXIV:1812.08505;%%"
}

@unpublished{heitzDC05DNP,
title= "{A Drift Chamber to Measure Charged Particles at COMPASS-II}",
author = {R. Heitz},
year = {October 23-26, 2013},
location ={Newport News, Virginia},
note= {APS Division of Nuclear Physics},
URL= {http://research.npl.illinois.edu/COMPASS/Talks/DNP2013/Heitz_DNP_Presentation.pdf},
}

@unpublished{heitzDYhep,
title= "{COMPASS Measurements of Asymmetry Amplitudes in the Drell-Yan Process Observed from Scattering Pions off a Transversely Polarised Proton Target}",
author = {R. Heitz},
year = {July 12-18, 2017},
location ={Venice, Italy},
note= {EPS Conference on High Energy Physics},
URL= {https://wwwcompass.cern.ch/compass/publications/talks/t2017/Heitz_QCD_hadronic_physics_HEP2017.pdf},
}
