% Bibliography file 
% Add here new articles to be cited. Take the inspire-hep bibtex format if available. 

@article{Perdekamp:2015vwa,
      author         = "Grosse Perdekamp, Matthias and Yuan, Feng",
      title          = "{Transverse Spin Structure of the Nucleon}",
      journal        = "Ann. Rev. Nucl. Part. Sci.",
      volume         = "65",
      year           = "2015",
      pages          = "429-456",
      doi            = "10.1146/annurev-nucl-102014-021948",
      eprint         = "1510.06783",
      archivePrefix  = "arXiv",
      primaryClass   = "hep-ph",
      SLACcitation   = "%%CITATION = ARXIV:1510.06783;%%"
}